<record><leader>00000cas a22000007a 4500</leader><controlfield tag="001">18096253</controlfield><controlfield tag="008">880616d19881990ohuwr ne      0   a0eng d</controlfield><datafield ind1=" " ind2=" " tag="010"><subfield code="a">sn 88078625 </subfield></datafield><datafield ind1=" " ind2=" " tag="040"><subfield code="a">ONP</subfield><subfield code="b">eng</subfield><subfield code="c">ONP</subfield><subfield code="d">NSD</subfield><subfield code="d">ONP</subfield><subfield code="d">NSD</subfield><subfield code="d">ONP</subfield><subfield code="d">OCLCQ</subfield></datafield><datafield ind1=" " ind2=" " tag="012"><subfield code="j">0</subfield><subfield code="m">d</subfield></datafield><datafield ind1="1" ind2=" " tag="022"><subfield code="a">1041-2247</subfield><subfield code="l">1041-2247</subfield><subfield code="2">1</subfield></datafield><datafield ind1=" " ind2=" " tag="042"><subfield code="a">msc</subfield><subfield code="a">nsdp</subfield></datafield><datafield ind1="0" ind2=" " tag="130"><subfield code="a">Review chronicle (Lodi, Ohio : 1988)</subfield></datafield><datafield ind1=" " ind2="0" tag="222"><subfield code="a">Review chronicle</subfield></datafield><datafield ind1="1" ind2="0" tag="245"><subfield code="a">Review chronicle.</subfield></datafield><datafield ind1=" " ind2=" " tag="260"><subfield code="a">Lodi, Ohio :</subfield><subfield code="b">Daily Record Inc.,</subfield><subfield code="c">1988-1990.</subfield></datafield><datafield ind1=" " ind2=" " tag="300"><subfield code="a">v.</subfield></datafield><datafield ind1=" " ind2=" " tag="310"><subfield code="a">Weekly</subfield></datafield><datafield ind1="0" ind2=" " tag="362"><subfield code="a">Vol. 1, no. 14 (Mar. 28, 1988)-v. 39, no. 16 (Jan. 15, 1990).</subfield></datafield><datafield ind1=" " ind2="4" tag="651"><subfield code="a">Lodi (Ohio)</subfield><subfield code="v">Newspapers.</subfield></datafield><datafield ind1=" " ind2="4" tag="651"><subfield code="a">Medina County (Ohio)</subfield><subfield code="v">Newspapers.</subfield></datafield><datafield ind1=" " ind2=" " tag="752"><subfield code="a">United States</subfield><subfield code="b">Ohio</subfield><subfield code="c">Medina</subfield><subfield code="d">Lodi.</subfield></datafield><datafield ind1="0" ind2="0" tag="780"><subfield code="t">Cloverleaf review-chronicle</subfield><subfield code="w">(DLC)sn 88078624</subfield></datafield><datafield ind1="0" ind2="0" tag="785"><subfield code="t">Review chronicle tribune</subfield><subfield code="x">1049-3727</subfield><subfield code="w">(DLC)sn 90068043</subfield></datafield></record>